@article{FOWLER1981133,
title = "Optimal packing and covering in the plane are NP-complete",
journal = "Information Processing Letters",
volume = "12",
number = "3",
pages = "133 - 137",
year = "1981",
issn = "0020-0190",
doi = "https://doi.org/10.1016/0020-0190(81)90111-3",
author = "Robert J. Fowler and Michael S. Paterson and Steven L. Tanimoto",
keywords = "NP-complete, packing, covering, intersection graph, geometric algorithms"
}
@article{WASCHER2007,
title = "An improved typology of cutting and packing problems",
journal = "European Journal of Operational Research",
volume = "183",
number = "3",
pages = "1109 - 1130",
year = "2007",
issn = "0377-2217",
doi = "https://doi.org/10.1016/j.ejor.2005.12.047",
author = "Gerhard Wascher and Heike Haubner and Holger Schumann",

}
@article{litvinchevlagrangian,
author = {Litvinchev, Igor and Romanova, Tatiana and Corrales-Diaz, Rogelio and Esquerra-Arguelles, Aned and Martínez-Noa, Alberto},
year = {2020},
month = {05},
pages = {},
title = {Lagrangian Approach to Modeling Placement Conditions in Optimized Packing Problems},
journal = {Mobile Networks and Applications},
doi = {10.1007/s11036-020-01556-w}
}
 @book{Anl,
author = {Humberto , Gutiérrez Pulido},
title = {Análisis y diseño de experimentos},
year = {2008},
isbn = {1234567890},
publisher = "McGraw-Hill Interamericana Editores, S.A. de C.V."},
address = {México, D.F}
}
@misc{R,
    title = {R: Un lenguaje y un entorno para la informática estadística},
    author = {{R Core Team}},
    organization = {R Foundation for Statistical Computing},
    address = {Vienna, Austria},
    year = 2020,
    url = {https://www.R-project.org/},
  }
@misc{Phy,
    title = {Python: A dynamic, open source programming},
    author = {{Python Core Team }},
    organization = {Python Software Foundation},
    year = 2020,
    url = {URL https://www.python.org/},
  }