@misc{R,
    title = {R: R: Un lenguaje y un entorno para la informática estadística},
    author = {{R Core Team}},
    organization = {R Foundation for Statistical Computing},
    address = {Vienna, Austria},
    year = 2020,
    url = {https://www.R-project.org/},
  }
@misc{dat,
    author    = "{INEGI}",
    title     = "{{Valor de producción generado por las empresas constructoras según el tipo de obra, 2020}}",
    howpublished = {\url{https://www.inegi.org.mx/app/tabulados/default.html?nc=100100054}},
    note = "[Accedido 2/septiembre/2020]",
    year = 2020
}



@misc{rstudio, title = {RStudio: Entorno de desarrollo integrado para R}, author = {{RStudio Team}}, organization = {RStudio, PBC.}, year = 2020, url = {http://www.rstudio.com/}, }