@misc{R,
    title = {R: Un lenguaje y un entorno para la informática estadística},
    author = {{R Core Team}},
    organization = {R Foundation for Statistical Computing},
    address = {Vienna, Austria},
    year = 2020,
    url = {https://www.R-project.org/},
  }
@misc{dat,
    author    = "{INEGI}",
    title     = "{{Valor de producción generado por las empresas constructoras según el tipo de obra, 2020}}",
    howpublished = {\url{https://www.inegi.org.mx/app/tabulados/default.html?nc=100100054}},
    note = "[Accedido 2/septiembre/2020]",
    year = 2020
}



@misc{rstudio, title = {RStudio: Entorno de desarrollo integrado para {{R}}}, author = {{RStudio Team}}, organization = {RStudio, PBC.}, year = 2020, url = {http://www.rstudio.com/}, }

@Book{Holmes92,
  author    = {Doyle, Arthur Conan},
  publisher = {George Newnes},
  title     = {The Adventures of Sherlock Holmes},
  year      = 1892,
  address   = {United Kingdom},
}
@Book{expvar,
  title={Non-Uniform Random Variate Generation.},
  author={Luc Devroye},
  publisher={Springer-Verlag},
  pages={501--505},
  year=1986,
  address   = {New York}
  }
  
  @book{glc,
author = {Knuth, Donald E.},
title = {The Art of Computer Programming, Volume 2 (3rd Ed.): Seminumerical Algorithms},
year = {1997},
isbn = {0201896842},
publisher = {Addison-Wesley Longman Publishing Co., Inc.},
address = {USA}
}

@misc{statisticsr, 
	title={Statistical Tests},
	author={Selva Prabhakaran},
	note= "\url{http://r-statistics.co/Statistical-Tests-in-R.html}"
}

@misc{pestad, 
	title={¿{Q}ué es una prueba estadística?.},
	author={Addinsoft},
	note= "\url{https://help.xlstat.com/s/article/que-es-una-prueba-estadistica?language=es#:~:text=Una%20prueba%20estad%C3%ADstica%20es%20una,nula%2C%20y%20suele%20denominarse%20H0.&text=H0%20normalmente%20se%20opone%20a,alternativa%2C%20denominada%20H1%20o%20Ha}"
}

@misc{ecured, 
	title={Pruebas estadísticas.},
	author={Ecu{R}ed},
	note= "\url{https://www.ecured.cu/Pruebas_estad%C3%ADsticas}"
}

@misc{guia, 
	title={Guía definitiva para encontrar las pruebas estadísticas que buscas.},
	author={Rosana Ferrero},
	note= "\url{https://www.maximaformacion.es/blog-dat/guia-para-encontrar-tu-prueba-estadistica/}"
}

 @book{glc,
author = {Knuth, Donald E.},
title = {The Art of Computer Programming, Volume 2 (3rd Ed.): Seminumerical Algorithms},
year = {1997},
isbn = {0201896842},
publisher = {Addison-Wesley Longman Publishing Co., Inc.},
address = {USA}
}